@article{zhang2000greedy,
  title={A greedy algorithm for aligning {DNA} sequences},
  author={Zhang, Zheng and Schwartz, Scott and Wagner, Lukas and Miller, Webb},
  journal={Journal of Computational biology},
  volume={7},
  number={1-2},
  pages={203--214},
  year={2000},
  publisher={Mary Ann Liebert, Inc.}
}
@article{doring2008seqan,
  title={{SeqAn} an efficient, generic {C++} library for sequence analysis},
  author={D{\"o}ring, Andreas and Weese, David and Rausch, Tobias and Reinert, Knut},
  journal={BMC bioinformatics},
  volume={9},
  number={1},
  pages={11},
  year={2008},
  publisher={BioMed Central}
}
@article{guidi2018bella,
  title={BELLA: Berkeley Efficient Long-Read to Long-Read Aligner and Overlapper},
  author={Guidi, Giulia and Ellis, Marquita and Rokhsar, Daniel and Yelick, Katherine and Bulu{\c{c}}, Ayd{\i}n},
  journal={bioRxiv},
  pages={464420},
  year={2018},
  publisher={Cold Spring Harbor Laboratory}
}